<?xml version="1.0" encoding="UTF-8"?><collection xmlns="http://www.loc.gov/MARC21/slim"><record><leader>00461nam--2200181-u-4500</leader><controlfield tag="001">000050510</controlfield><controlfield tag="002">20161230</controlfield><controlfield tag="003">81920</controlfield><controlfield tag="005">20161230201048</controlfield><controlfield tag="008">070904s1000------------r-----000-0-eng-d</controlfield><datafield ind1=" " ind2=" " tag="040"><subfield code="a">IFIN-HH</subfield></datafield><datafield ind1="1" ind2=" " tag="100"><subfield code="a">Loss, M</subfield></datafield><datafield ind1="1" ind2="0" tag="245"><subfield code="a">Inequalities. Selecta of Elliot H. Lieb</subfield><subfield code="c">M. Loss, M.B. Ruskai (eds.)</subfield></datafield><datafield ind1=" " ind2=" " tag="260"><subfield code="a">Berlin</subfield><subfield code="b">Springer</subfield><subfield code="c">2003</subfield></datafield><datafield ind1=" " ind2=" " tag="300"><subfield code="a">ix+711 p</subfield></datafield><datafield ind1="1" ind2=" " tag="700"><subfield code="a">Ruskai, M.B</subfield><subfield code="e">ed</subfield></datafield><datafield ind1=" " ind2=" " tag="852"><subfield code="a">81920</subfield><subfield code="c">517</subfield></datafield><datafield ind1=" " ind2=" " tag="CAT"><subfield code="a">Sys</subfield><subfield code="c">20160205</subfield><subfield code="h">080122</subfield></datafield></record></collection>